<?xml version="1.0" encoding="UTF-8"?>
<collection xmlns:xsi="http://www.w3.org/2001/XMLSchema-instance" xsi:schemaLocation="http://www.loc.gov/MARC21/slim http://www.loc.gov/standards/marcxml/schema/MARC21slim.xsd" xmlns="http://www.loc.gov/MARC21/slim">
<record>
  <leader>01772cam a2200349Ii 4500</leader>
  <controlfield tag="001">3121263</controlfield>
  <controlfield tag="003">NNC</controlfield>
  <controlfield tag="005">20140523011350.0</controlfield>
  <controlfield tag="008">900524s1922    iq            000 0 ara  </controlfield>
  <datafield tag="010" ind1=" " ind2=" ">
    <subfield code="a">   66001711 </subfield>
  </datafield>
  <datafield tag="035" ind1=" " ind2=" ">
    <subfield code="a">(OCoLC)ocm21585047</subfield>
  </datafield>
  <datafield tag="035" ind1=" " ind2=" ">
    <subfield code="a">(OCoLC)21585047</subfield>
  </datafield>
  <datafield tag="035" ind1=" " ind2=" ">
    <subfield code="a">(NNC)3121263</subfield>
  </datafield>
  <datafield tag="040" ind1=" " ind2=" ">
    <subfield code="a">DLC</subfield>
    <subfield code="b">eng</subfield>
    <subfield code="c">WAU</subfield>
    <subfield code="d">WAU</subfield>
    <subfield code="d">OCLCG</subfield>
    <subfield code="d">CUY</subfield>
    <subfield code="d">OCLCA</subfield>
    <subfield code="d">OCLCQ</subfield>
    <subfield code="d">OCLCO</subfield>
    <subfield code="d">OCLCQ</subfield>
    <subfield code="d">OCLCF</subfield>
    <subfield code="d">ZCU</subfield>
  </datafield>
  <datafield tag="050" ind1="0" ind2="4">
    <subfield code="a">PJ161</subfield>
    <subfield code="b">.S77</subfield>
  </datafield>
  <datafield tag="100" ind1="1" ind2=" ">
    <subfield code="6">880-01</subfield>
    <subfield code="a">Ṣūlī, Muḥammad ibn Yaḥyá,</subfield>
    <subfield code="d">-approximately 947.</subfield>
  </datafield>
  <datafield tag="245" ind1="1" ind2="0">
    <subfield code="6">880-02</subfield>
    <subfield code="a">Adab al-kuttāb /</subfield>
    <subfield code="c">taʼlīf Abī Bakr Muḥammad ibn Yaḥyá al-Ṣūlī, nasakhahu wa-ʻuniyá bi-taṣḥīhihi wa-taʻlīq ḥawāshīhi Muḥammad Bahjat al-Atharī, wa-naẓara fīhi Maḥmūd Shukrī al-Ālūsī.</subfield>
  </datafield>
  <datafield tag="260" ind1=" " ind2=" ">
    <subfield code="a">Bagdhād :</subfield>
    <subfield code="b">al-Maktabah al-ʻArabì̄yah,</subfield>
    <subfield code="c">1321 [1922/23]</subfield>
  </datafield>
  <datafield tag="300" ind1=" " ind2=" ">
    <subfield code="a">272 pages ;</subfield>
    <subfield code="c">22 cm</subfield>
  </datafield>
  <datafield tag="336" ind1=" " ind2=" ">
    <subfield code="a">text</subfield>
    <subfield code="b">txt</subfield>
    <subfield code="2">rdacontent</subfield>
  </datafield>
  <datafield tag="337" ind1=" " ind2=" ">
    <subfield code="a">unmediated</subfield>
    <subfield code="b">n</subfield>
    <subfield code="2">rdamedia</subfield>
  </datafield>
  <datafield tag="338" ind1=" " ind2=" ">
    <subfield code="a">volume</subfield>
    <subfield code="b">nc</subfield>
    <subfield code="2">rdacarrier</subfield>
  </datafield>
  <datafield tag="650" ind1=" " ind2="0">
    <subfield code="a">Arabic language</subfield>
    <subfield code="x">Style.</subfield>
  </datafield>
  <datafield tag="650" ind1=" " ind2="7">
    <subfield code="a">Arabic language</subfield>
    <subfield code="x">Style.</subfield>
    <subfield code="2">fast</subfield>
    <subfield code="0">(OCoLC)fst00812437</subfield>
  </datafield>
  <datafield tag="700" ind1="1" ind2=" ">
    <subfield code="6">880-03</subfield>
    <subfield code="a">Atharī, Muḥammad Bahjat.</subfield>
  </datafield>
  <datafield tag="700" ind1="1" ind2=" ">
    <subfield code="6">880-04</subfield>
    <subfield code="a">Ālūsī, Maḥmūd Shukrī,</subfield>
    <subfield code="d">1857-1924.</subfield>
  </datafield>
  <datafield tag="880" ind1="1" ind2=" ">
    <subfield code="6">100-01/r</subfield>
    <subfield code="a">صولى، محمد بن يحيى،,</subfield>
    <subfield code="d">-approximately 947.</subfield>
  </datafield>
  <datafield tag="880" ind1="1" ind2="0">
    <subfield code="6">245-02/r</subfield>
    <subfield code="a">أدب الكتاب /</subfield>
    <subfield code="c">تأليف أبي بكر محمد بن يحيى الصولى ؛ نسخه وعنى بتصحيحه وتعليق حواشيه محمد بهجة الأثرى ؛ ونظر فيه محمود شكرى الآلوسى.</subfield>
  </datafield>
  <datafield tag="880" ind1=" " ind2=" ">
    <subfield code="6">260-00/r</subfield>
    <subfield code="a">بغداد :</subfield>
    <subfield code="b">المكتبة العربية،</subfield>
    <subfield code="c">[1923] 1341</subfield>
  </datafield>
  <datafield tag="880" ind1="1" ind2=" ">
    <subfield code="6">700-03/r</subfield>
    <subfield code="a">أثرى، محمد بهجة.</subfield>
  </datafield>
  <datafield tag="880" ind1="1" ind2=" ">
    <subfield code="6">700-04/r</subfield>
    <subfield code="a">آلوسى، محمود شكرى،,</subfield>
    <subfield code="d">1857-1924.</subfield>
  </datafield>
  <datafield tag="955" ind1=" " ind2=" ">
    <subfield code="b">CU58923705</subfield>
    <subfield code="d">off,glx</subfield>
    <subfield code="e">893.79 Su52</subfield>
  </datafield>
</record>
</collection>